@article{Zheng2016,
author = {Zheng, Kaiyu},
pages = {1--19},
title = {{ROS Navigation Tuning Guide}},
year = {2016}
}