@misc{Rosmann2016,
author = {R{\"{o}}smann, Christoph},
title = {{teb{\_}local{\_}planner - ROS Wiki}},
url = {http://wiki.ros.org/teb{\_}local{\_}planner},
urldate = {May 2017},
year = {2016}
}
